@article{mens2003refactoring,
  title={Refactoring: Current research and future trends},
  author={Mens, Tom and Demeyer, Serge and Du Bois, Bart and Stenten, Hans and Van Gorp, Pieter},
  journal={Electronic Notes in Theoretical Computer Science},
  volume={82},
  number={3},
  pages={483--499},
  year={2003},
  publisher={Elsevier}
}

@incollection{thompson2005refactoring,
  title={Refactoring functional programs},
  author={Thompson, Simon},
  booktitle={Advanced Functional Programming},
  pages={331--357},
  year={2005},
  publisher={Springer}
}